<record><leader>00000cas a22000007a 4500</leader><controlfield tag="001">15027018</controlfield><controlfield tag="008">861231c19639999pauwr ne      0    0eng d</controlfield><datafield ind1=" " ind2=" " tag="010"><subfield code="a">sn 87080326 </subfield></datafield><datafield ind1=" " ind2=" " tag="040"><subfield code="a">NPH</subfield><subfield code="b">eng</subfield><subfield code="c">NPH</subfield><subfield code="d">OCLCQ</subfield></datafield><datafield ind1=" " ind2=" " tag="042"><subfield code="a">msc</subfield></datafield><datafield ind1="0" ind2="0" tag="245"><subfield code="a">Cameron County echo.</subfield></datafield><datafield ind1="1" ind2="7" tag="246"><subfield code="a">Echo</subfield></datafield><datafield ind1="3" ind2="0" tag="246"><subfield code="a">CCE</subfield></datafield><datafield ind1=" " ind2=" " tag="260"><subfield code="a">[Emporium, Pa. :</subfield><subfield code="b">s.n.],</subfield><subfield code="c">1963-</subfield></datafield><datafield ind1=" " ind2=" " tag="300"><subfield code="a">v. :</subfield><subfield code="b">ill. ;</subfield><subfield code="c">42-57 cm.</subfield></datafield><datafield ind1=" " ind2=" " tag="310"><subfield code="a">Weekly</subfield></datafield><datafield ind1="0" ind2=" " tag="362"><subfield code="a">Vol. 1, no. 16 (Aug. 1, 1963)-</subfield></datafield><datafield ind1=" " ind2=" " tag="500"><subfield code="a">Publisher: Cameron County Echo, &lt;Nov. 19, 1964&gt;.</subfield></datafield><datafield ind1=" " ind2=" " tag="752"><subfield code="a">United States</subfield><subfield code="b">Pennsylvania</subfield><subfield code="c">Cameron</subfield><subfield code="d">Emporium.</subfield></datafield><datafield ind1="0" ind2="0" tag="780"><subfield code="t">Area shoppers' news</subfield><subfield code="w">(DLC)sn 87080475</subfield></datafield></record>